<?xml version="1.0" encoding="UTF-8"?><record xmlns="http://www.loc.gov/MARC21/slim" xmlns:cinclude="http://apache.org/cocoon/include/1.0" xmlns:zs="http://www.loc.gov/zing/srw/">
  <leader>00629nz  a2200157n  4500</leader>
  <controlfield tag="001">no 97037240 </controlfield>
  <controlfield tag="003">DLC</controlfield>
  <controlfield tag="005">19970619053720.2</controlfield>
  <controlfield tag="008">970618n| acannaab|          |a aaa     c</controlfield>
  <datafield tag="010" ind1=" " ind2=" ">
    <subfield code="a">no 97037240 </subfield>
  </datafield>
  <datafield tag="035" ind1=" " ind2=" ">
    <subfield code="a">(OCoLC)oca04367312 </subfield>
  </datafield>
  <datafield tag="040" ind1=" " ind2=" ">
    <subfield code="a">IEN-Mu</subfield>
    <subfield code="c">IEN-Mu</subfield>
  </datafield>
  <datafield tag="100" ind1="1" ind2="0">
    <subfield code="a">Guilmant, Alexandre,</subfield>
    <subfield code="d">1837-1911.</subfield>
    <subfield code="t">Pièces dans différents styles,</subfield>
    <subfield code="n">6e livr.</subfield>
    <subfield code="p">Méditation,</subfield>
    <subfield code="n">no. 1</subfield>
  </datafield>
  <datafield tag="400" ind1="1" ind2="0">
    <subfield code="a">Guilmant, Alexandre,</subfield>
    <subfield code="d">1837-1911.</subfield>
    <subfield code="t">Première méditation</subfield>
  </datafield>
  <datafield tag="400" ind1="1" ind2="0">
    <subfield code="a">Guilmant, Alexandre,</subfield>
    <subfield code="d">1837-1911.</subfield>
    <subfield code="t">Méditation,</subfield>
    <subfield code="n">no. 1</subfield>
  </datafield>
  <datafield tag="670" ind1=" " ind2=" ">
    <subfield code="a">His Première méditation, c1979:</subfield>
    <subfield code="b">t.p. (opus 20 : pièces dans differents styles, 6e livraison no. 1)</subfield>
  </datafield>
</record>